<?xml version="1.0" encoding="UTF-8"?><searchRetrieveResponse xmlns="http://www.loc.gov/zing/srw/">
  <version>1.2</version>
  <numberOfRecords>72</numberOfRecords>
  <records>
    <record>
      <recordSchema>marcxml</recordSchema>
      <recordPacking>xml</recordPacking>
      <recordData>
        <record xmlns="">
          <leader>02060nam a22003013u 4500</leader>
          <controlfield tag="001">999920005718802201</controlfield>
          <controlfield tag="005">20140106011013.0</controlfield>
          <controlfield tag="006">m        d</controlfield>
          <controlfield tag="007">cr -n---------</controlfield>
          <controlfield tag="008">140106s2003|||||||     s|||||||||||eng|d</controlfield>
          <datafield tag="020" ind1=" " ind2=" ">
            <subfield code="e">1-134-45399-X</subfield>
          </datafield>
          <datafield tag="020" ind1=" " ind2=" ">
            <subfield code="e">1-280-34718-X</subfield>
          </datafield>
          <datafield tag="020" ind1=" " ind2=" ">
            <subfield code="e">9786610347186</subfield>
          </datafield>
          <datafield tag="020" ind1=" " ind2=" ">
            <subfield code="e">0-203-21648-2</subfield>
          </datafield>
          <datafield tag="020" ind1=" " ind2=" ">
            <subfield code="a">0-415-28415-5</subfield>
          </datafield>
          <datafield tag="035" ind1=" " ind2=" ">
            <subfield code="a">(CKB)1000000000247573</subfield>
          </datafield>
          <datafield tag="035" ind1=" " ind2=" ">
            <subfield code="a">(EBL)180765</subfield>
          </datafield>
          <datafield tag="035" ind1=" " ind2=" ">
            <subfield code="a">(OCoLC)475888539</subfield>
          </datafield>
          <datafield tag="035" ind1=" " ind2=" ">
            <subfield code="a">(SSID)ssj0000287951</subfield>
          </datafield>
          <datafield tag="035" ind1=" " ind2=" ">
            <subfield code="a">(PQKBManifestationID)11912649</subfield>
          </datafield>
          <datafield tag="035" ind1=" " ind2=" ">
            <subfield code="a">(PQKBTitleCode)TC0000287951</subfield>
          </datafield>
          <datafield tag="035" ind1=" " ind2=" ">
            <subfield code="a">(PQKBWorkID)10373115</subfield>
          </datafield>
          <datafield tag="035" ind1=" " ind2=" ">
            <subfield code="a">(PQKB)11210523</subfield>
          </datafield>
          <datafield tag="035" ind1=" " ind2=" ">
            <subfield code="a">(EXLCZ)991000000000247573</subfield>
          </datafield>
          <datafield tag="040" ind1=" " ind2=" ">
            <subfield code="a">AU-PeEL</subfield>
            <subfield code="b">eng</subfield>
            <subfield code="c">AU-PeEL</subfield>
            <subfield code="d">AU-PeEL</subfield>
          </datafield>
          <datafield tag="041" ind1=" " ind2=" ">
            <subfield code="a">eng</subfield>
          </datafield>
          <datafield tag="050" ind1=" " ind2="4">
            <subfield code="a">QC880.4.A3K8713 2002eb</subfield>
          </datafield>
          <datafield tag="082" ind1="0" ind2="0">
            <subfield code="a">551.515</subfield>
          </datafield>
          <datafield tag="100" ind1="1" ind2=" ">
            <subfield code="a">Kurgansky, Michael V.</subfield>
          </datafield>
          <datafield tag="245" ind1="1" ind2="0">
            <subfield code="a">Adiabatic Invariants in Large-Scale Atmospheric Dynamics</subfield>
            <subfield code="h">[electronic resource].</subfield>
          </datafield>
          <datafield tag="246" ind1=" " ind2=" ">
            <subfield code="a">Adiabatic Invariants in Large-Scale Atmospheric Dynamics</subfield>
          </datafield>
          <datafield tag="260" ind1=" " ind2=" ">
            <subfield code="a">Hoboken :</subfield>
            <subfield code="b">Taylor and Francis,</subfield>
            <subfield code="c">2003.</subfield>
          </datafield>
          <datafield tag="300" ind1=" " ind2=" ">
            <subfield code="a">1 online resource (219 p.)</subfield>
          </datafield>
          <datafield tag="336" ind1=" " ind2=" ">
            <subfield code="a">text</subfield>
            <subfield code="b">txt</subfield>
          </datafield>
          <datafield tag="337" ind1=" " ind2=" ">
            <subfield code="a">computer</subfield>
            <subfield code="b">c</subfield>
          </datafield>
          <datafield tag="338" ind1=" " ind2=" ">
            <subfield code="a">online resource</subfield>
            <subfield code="b">cr</subfield>
          </datafield>
          <datafield tag="500" ind1=" " ind2=" ">
            <subfield code="a">Description based upon print version of record.</subfield>
          </datafield>
          <datafield tag="505" ind1="0" ind2=" ">
            <subfield code="a">BOOK COVER; HALF-TITLE; TITLE; COPYRIGHT; CONTENTS; FOREWORD TO THE ENGLISH EDITION; PREFACE; INTRODUCTION; CHAPTER 1 EQUATIONS OF MOTION AND CONSERVATION LAWS; CHAPTER 2 REDUCED EQUATIONS OF ATMOSPHERIC DYNAMICS; CHAPTER 3 HYDRODYNAMIC INSTABILITY OF CONSERVATIVE MOTIONS; CHAPTER 4 INSENTROPIC ANALYSIS OF LARGE -SCALE PROCESSES; CHAPTER 5 DISSIPATIVE PROCESSES IN THE ATMOSPHERE; REFERENCES; INDEX</subfield>
          </datafield>
          <datafield tag="520" ind1=" " ind2=" ">
            <subfield code="a">This book deals with the main principles of large-scale atmospheric dynamics on the basis of adiabatic motion constants. It can be considered as an introduction to the theory of quasi two-dimensional fluid motion concentrating primarily on nearly horizontal fluid parcel displacements in a stably stratified compressible fluid. A thorough mathematical treatment of the governing equations is coupled with a clear interpretation of the phenomena studied and accompanied by examples of real meteorological data analysis. Topics include a complete set of compressible fluid dynamic equations along with</subfield>
          </datafield>
          <datafield tag="546" ind1=" " ind2=" ">
            <subfield code="a">English</subfield>
          </datafield>
          <datafield tag="650" ind1=" " ind2="4">
            <subfield code="a">Dynamic meteorology.</subfield>
          </datafield>
          <datafield tag="655" ind1=" " ind2="0">
            <subfield code="a">Electronic books.</subfield>
          </datafield>
          <datafield tag="650" ind1=" " ind2="0">
            <subfield code="a">Dynamic meteorology</subfield>
          </datafield>
          <datafield tag="650" ind1=" " ind2="0">
            <subfield code="a">Adiabatic invariants</subfield>
          </datafield>
          <datafield tag="650" ind1=" " ind2="0">
            <subfield code="a">Fluid dynamics</subfield>
          </datafield>
          <datafield tag="650" ind1=" " ind2="7">
            <subfield code="a">Meteorology &amp; Climatology</subfield>
            <subfield code="2">HILCC</subfield>
          </datafield>
          <datafield tag="650" ind1=" " ind2="7">
            <subfield code="a">Earth &amp; Environmental Sciences</subfield>
            <subfield code="2">HILCC</subfield>
          </datafield>
          <datafield tag="650" ind1=" " ind2="7">
            <subfield code="a">Dynamisk meteorologi</subfield>
            <subfield code="2">noubomn</subfield>
          </datafield>
          <datafield tag="700" ind1=" " ind2=" ">
            <subfield code="a">Obukhov, A. M</subfield>
            <subfield code="e">Contributor</subfield>
          </datafield>
          <datafield tag="700" ind1=" " ind2=" ">
            <subfield code="a">Kurganskiæi, M. V.</subfield>
            <subfield code="e">Author</subfield>
          </datafield>
          <datafield tag="906" ind1=" " ind2=" ">
            <subfield code="a">BOOK</subfield>
          </datafield>
        </record>
      </recordData>
      <recordPosition>1</recordPosition>
    </record>