
    <record>
      <recordSchema>marcxml</recordSchema>
      <recordPacking>xml</recordPacking>
      <recordData>
        <record xmlns="">
          <leader>00761cam a22002177c 4500</leader>
          <controlfield tag="001">991407806964702201</controlfield>
          <controlfield tag="005">20160114225046.0</controlfield>
          <controlfield tag="007">cr |||||||||||</controlfield>
          <controlfield tag="008">140310s2002    xx#|||||o|||||000|u|eng|d</controlfield>
          <datafield tag="035" ind1=" " ind2=" ">
            <subfield code="a">140780696-47bibsys_network</subfield>
          </datafield>
          <datafield tag="035" ind1=" " ind2=" ">
            <subfield code="a">(NO-TrBIB)140780696</subfield>
          </datafield>
          <datafield tag="040" ind1=" " ind2=" ">
            <subfield code="a">NO-TrBIB</subfield>
            <subfield code="b">nob</subfield>
            <subfield code="e">katreg</subfield>
          </datafield>
          <datafield tag="100" ind1="1" ind2=" ">
            <subfield code="a">Kurganskiĭ, M. V</subfield>
          </datafield>
          <datafield tag="245" ind1="1" ind2="0">
            <subfield code="a">Adiabatic invariants in large-scale atmospheric dynamics =</subfield>
            <subfield code="b">Introduction to large-scale atmospheric dynamics</subfield>
            <subfield code="c">Michael V. Kurgansky</subfield>
            <subfield code="h">[elektronisk ressurs]</subfield>
          </datafield>
          <datafield tag="246" ind1="3" ind2="1">
            <subfield code="a">Introduction to large-scale atmospheric dynamics</subfield>
          </datafield>
          <datafield tag="260" ind1=" " ind2=" ">
            <subfield code="a">London</subfield>
            <subfield code="b">Taylor &amp; Francis</subfield>
            <subfield code="c">2002</subfield>
          </datafield>
          <datafield tag="300" ind1=" " ind2=" ">
            <subfield code="a">xi, 222 s.</subfield>
            <subfield code="b">ill., maps</subfield>
          </datafield>
          <datafield tag="650" ind1=" " ind2="0">
            <subfield code="a">Adiabatic invariants</subfield>
          </datafield>
          <datafield tag="650" ind1=" " ind2="0">
            <subfield code="a">Dynamic meteorology</subfield>
          </datafield>
          <datafield tag="650" ind1=" " ind2="0">
            <subfield code="a">Fluid dynamics</subfield>
          </datafield>
          <datafield tag="901" ind1=" " ind2=" ">
            <subfield code="a">60</subfield>
          </datafield>
        </record>
      </recordData>
      <recordPosition>2</recordPosition>
    </record>