
    <record>
      <recordSchema>marcxml</recordSchema>
      <recordPacking>xml</recordPacking>
      <recordData>
        <record xmlns="">
          <leader>04847nam a22004333u 4500</leader>
          <controlfield tag="001">999920034562102201</controlfield>
          <controlfield tag="005">20151005070355.0</controlfield>
          <controlfield tag="006">m        d</controlfield>
          <controlfield tag="007">cr -n---------</controlfield>
          <controlfield tag="008">151005s2013|||||||     s|||||||||||eng|d</controlfield>
          <datafield tag="020" ind1=" " ind2=" ">
            <subfield code="a">0-08-095467-7</subfield>
          </datafield>
          <datafield tag="020" ind1=" " ind2=" ">
            <subfield code="a">0-12-058575-8</subfield>
          </datafield>
          <datafield tag="035" ind1=" " ind2=" ">
            <subfield code="a">(CKB)2670000000410295</subfield>
          </datafield>
          <datafield tag="035" ind1=" " ind2=" ">
            <subfield code="a">(EBL)2065183</subfield>
          </datafield>
          <datafield tag="035" ind1=" " ind2=" ">
            <subfield code="a">(OCoLC)911000628</subfield>
          </datafield>
          <datafield tag="035" ind1=" " ind2=" ">
            <subfield code="a">(SSID)ssj0000983999</subfield>
          </datafield>
          <datafield tag="035" ind1=" " ind2=" ">
            <subfield code="a">(PQKBManifestationID)11648598</subfield>
          </datafield>
          <datafield tag="035" ind1=" " ind2=" ">
            <subfield code="a">(PQKBTitleCode)TC0000983999</subfield>
          </datafield>
          <datafield tag="035" ind1=" " ind2=" ">
            <subfield code="a">(PQKBWorkID)11012619</subfield>
          </datafield>
          <datafield tag="035" ind1=" " ind2=" ">
            <subfield code="a">(PQKB)11564028</subfield>
          </datafield>
          <datafield tag="035" ind1=" " ind2=" ">
            <subfield code="a">(EXLCZ)992670000000410295</subfield>
          </datafield>
          <datafield tag="040" ind1=" " ind2=" ">
            <subfield code="a">AU-PeEL</subfield>
            <subfield code="b">eng</subfield>
            <subfield code="c">AU-PeEL</subfield>
            <subfield code="d">AU-PeEL</subfield>
          </datafield>
          <datafield tag="041" ind1=" " ind2=" ">
            <subfield code="a">eng</subfield>
          </datafield>
          <datafield tag="050" ind1=" " ind2="4">
            <subfield code="a">QC880.4</subfield>
          </datafield>
          <datafield tag="082" ind1="0" ind2="0">
            <subfield code="a">551.5246</subfield>
          </datafield>
          <datafield tag="100" ind1="1" ind2=" ">
            <subfield code="a">Marshall, John.</subfield>
          </datafield>
          <datafield tag="245" ind1="1" ind2="0">
            <subfield code="a">Atmosphere, Ocean and Climate Dynamics</subfield>
            <subfield code="h">[electronic resource] :</subfield>
            <subfield code="b">An Introductory Text</subfield>
          </datafield>
          <datafield tag="246" ind1=" " ind2=" ">
            <subfield code="a">International Geophysics</subfield>
          </datafield>
          <datafield tag="246" ind1=" " ind2=" ">
            <subfield code="a">Atmosphere, Ocean and Climate Dynamics</subfield>
          </datafield>
          <datafield tag="246" ind1=" " ind2=" ">
            <subfield code="a">International Geophysics, Volume 40</subfield>
          </datafield>
          <datafield tag="260" ind1=" " ind2=" ">
            <subfield code="a">:</subfield>
            <subfield code="b">Elsevier Science,</subfield>
            <subfield code="c">2013.</subfield>
          </datafield>
          <datafield tag="300" ind1=" " ind2=" ">
            <subfield code="a">1 online resource (502 p.)</subfield>
          </datafield>
          <datafield tag="336" ind1=" " ind2=" ">
            <subfield code="a">text</subfield>
            <subfield code="b">txt</subfield>
          </datafield>
          <datafield tag="337" ind1=" " ind2=" ">
            <subfield code="a">computer</subfield>
            <subfield code="b">c</subfield>
          </datafield>
          <datafield tag="338" ind1=" " ind2=" ">
            <subfield code="a">online resource</subfield>
            <subfield code="b">cr</subfield>
          </datafield>
          <datafield tag="490" ind1="1" ind2=" ">
            <subfield code="a">International Geophysics ;</subfield>
            <subfield code="v">v.40</subfield>
          </datafield>
          <datafield tag="500" ind1=" " ind2=" ">
            <subfield code="a">Description based upon print version of record.</subfield>
          </datafield>
          <datafield tag="505" ind1="0" ind2=" ">
            <subfield code="a">""Front Cover""; ""Middle Atmosphere Dynamics""; ""Copyright Page""; ""Table of Contents""; ""Preface""; ""Acknowledgments""; ""Chapter 1. Introduction""; ""1.1 The Static Structure of the Middle Atmosphere""; ""1.2 Zonal Mean Temperature and Wind Distributions""; ""1.3 Composition of the Middle Atmosphere""; ""1.4 The Vertical Distribution of Eddy Amplitudes""; ""1.5 Observational Techniques""; ""References""; ""Chapter 2. Radiative Processes and Remote Sounding""; ""2.1 Introduction""; ""2.2 Fundamentals""; ""2.3 Gaseous Absorption Spectra""; ""2.4 Transmission Functions""</subfield>
          </datafield>
          <datafield tag="505" ind1="8" ind2=" ">
            <subfield code="a">""2.5 Infrared Radiative Exchange and Radiative Damping""""2.6 Departure from Local Thermodynamic Equilibrium""; ""2.7 Absorption of Solar Radiation""; ""2.8 Radiative Equilibrium Temperature and Heating-Rate Distributions""; ""2.9 Remote Sounding""; ""References""; ""Chapter 3. Basic Dynamics""; ""3.1 Introduction""; ""3.2 The Beta-Plane Approximation and Quasi-Geostrophic Theory""; ""3.3 The Eulerian-Mean Equations""; ""3.4 Linearized Disturbances to Zonal-Mean Flows""; ""3.5 The Transformed Eulerian-Mean Equations""</subfield>
          </datafield>
          <datafield tag="505" ind1="8" ind2=" ">
            <subfield code="a">""3.6 The Generalized Eliassenâ€?Palm Theorem and the Charneyâ€?Drazin Nonacceleration Theorem""""3.7 The Lagrangian Approach""; ""3.8 Isentropic Coordinates""; ""3.9 The Zonal-Mean Equations in Isentropic Coordinates""; ""Appendix 3A. Derivation of Some Equations in Isentropic Coordinates""; ""Appendix 3B. Boundary Conditions on the Residual Circulation""; ""References""; ""Chapter 4. Linear Wave Theory""; ""4.1 Introduction and Classification of Wave Types""; ""4.2 Wave Disturbances to a Resting Spherical Atmosphere""; ""4.3 Atmospheric Thermal Tides""</subfield>
          </datafield>
          <datafield tag="505" ind1="8" ind2=" ">
            <subfield code="a">""4.4 Free Traveling Planetary Waves""""4.5 Forced Planetary Waves""; ""4.6 Gravity Waves""; ""4.7 Equatorial Waves""; ""Appendix 4A. Ray-Tracing Theory and Wave Action in a Slowly Varying Medium""; ""References""; ""Chapter 5. Extratropical Planetary-Scale Circulations""; ""5.1 Introduction""; ""5.2 The Observed Annual Cycle""; ""5.3 Detailed Linear Models of Stationary Planetary Waves in the Middle Atmosphere""; ""5.4 Detailed Linear Models of Free Traveling Planetary Waves in the Atmosphere""; ""5.5 Barotropic and Baroclinic Instability""; ""5.6 Planetary-Wave Critical Layers""</subfield>
          </datafield>
          <datafield tag="505" ind1="8" ind2=" ">
            <subfield code="a">""References""""Chapter 6. Stratospheric Sudden Warmings""; ""6.1 Introduction""; ""6.2 Observed Features of Sudden Warmings""; ""6.3 Theoretical Modeling of Sudden Warmings""; ""6.4 Conclusions""; ""References""; ""Chapter 7. The Extratropical Zonal-Mean Circulation""; ""7.1 Introduction""; ""7.2 Some Simple Zonally Averaged Models of the Middle Atmosphere""; ""7.3 The Upper Mesosphere""; ""7.4 The Winter Polar Stratosphere""; ""7.5 Interpretation and Generalization""; ""References""; ""Chapter 8. Equatorial Circulations""; ""8.1 Introduction""</subfield>
          </datafield>
          <datafield tag="505" ind1="8" ind2=" ">
            <subfield code="a">""8.2 The Observed Structure of the Equatorial Quasi-Biennial Oscillation""</subfield>
          </datafield>
          <datafield tag="520" ind1=" " ind2=" ">
            <subfield code="a">For advanced undergraduate and beginning graduate students in atmospheric, oceanic, and climate science, Atmosphere, Ocean and Climate Dynamics is an introductory textbook on the circulations of the atmosphere and ocean and their interaction, with an emphasis on global scales. It will give students a good grasp of what the atmosphere and oceans look like on the large-scale and why they look that way.  The role of the oceans in climate and paleoclimate is also discussed. The combination of observations, theory and accompanying illustrative laboratory experiments sets this text apart by making i</subfield>
          </datafield>
          <datafield tag="546" ind1=" " ind2=" ">
            <subfield code="a">English</subfield>
          </datafield>
          <datafield tag="650" ind1=" " ind2="4">
            <subfield code="a">Atmospheric circulation.</subfield>
          </datafield>
          <datafield tag="650" ind1=" " ind2="4">
            <subfield code="a">Atmospheric thermodynamics.</subfield>
          </datafield>
          <datafield tag="650" ind1=" " ind2="4">
            <subfield code="a">Fluid dynamics.</subfield>
          </datafield>
          <datafield tag="650" ind1=" " ind2="4">
            <subfield code="a">Ocean-atmosphere interaction.</subfield>
          </datafield>
          <datafield tag="655" ind1=" " ind2="0">
            <subfield code="a">Electronic books.</subfield>
          </datafield>
          <datafield tag="650" ind1=" " ind2="0">
            <subfield code="a">Middle atmosphere</subfield>
          </datafield>
          <datafield tag="650" ind1=" " ind2="0">
            <subfield code="a">Dynamic meteorology</subfield>
          </datafield>
          <datafield tag="650" ind1=" " ind2="0">
            <subfield code="a">Fluid dynamics</subfield>
          </datafield>
          <datafield tag="650" ind1=" " ind2="0">
            <subfield code="a">Atmospheric circulation</subfield>
          </datafield>
          <datafield tag="650" ind1=" " ind2="7">
            <subfield code="a">Earth &amp; Environmental Sciences</subfield>
            <subfield code="2">HILCC</subfield>
          </datafield>
          <datafield tag="650" ind1=" " ind2="7">
            <subfield code="a">Meteorology &amp; Climatology</subfield>
            <subfield code="2">HILCC</subfield>
          </datafield>
          <datafield tag="700" ind1="1" ind2=" ">
            <subfield code="a">Plumb, R. Alan.</subfield>
          </datafield>
          <datafield tag="830" ind1=" " ind2="0">
            <subfield code="a">International Geophysics</subfield>
          </datafield>
          <datafield tag="906" ind1=" " ind2=" ">
            <subfield code="a">BOOK</subfield>
          </datafield>
        </record>
      </recordData>
      <recordPosition>5</recordPosition>
    </record>