
    <record>
      <recordSchema>marcxml</recordSchema>
      <recordPacking>xml</recordPacking>
      <recordData>
        <record xmlns="">
          <leader>00786nam a22002658a 4500</leader>
          <controlfield tag="001">999919952345002201</controlfield>
          <controlfield tag="005">20020606104010.5</controlfield>
          <controlfield tag="006">m|||||o||d||||||||</controlfield>
          <controlfield tag="007">cr||||||||||||</controlfield>
          <controlfield tag="008">971014s1999    engab   o     001 0 eng</controlfield>
          <datafield tag="010" ind1=" " ind2=" ">
            <subfield code="a">97043007</subfield>
          </datafield>
          <datafield tag="020" ind1=" " ind2=" ">
            <subfield code="e">0-511-86821-9</subfield>
          </datafield>
          <datafield tag="020" ind1=" " ind2=" ">
            <subfield code="e">0-511-52495-1</subfield>
          </datafield>
          <datafield tag="020" ind1=" " ind2=" ">
            <subfield code="a">0-521-61696-4</subfield>
          </datafield>
          <datafield tag="020" ind1=" " ind2=" ">
            <subfield code="a">0-521-24975-9</subfield>
          </datafield>
          <datafield tag="035" ind1=" " ind2=" ">
            <subfield code="a">(CKB)2610000000002024</subfield>
          </datafield>
          <datafield tag="035" ind1=" " ind2=" ">
            <subfield code="a">(MH)007962257-7</subfield>
          </datafield>
          <datafield tag="035" ind1=" " ind2=" ">
            <subfield code="a">(SSID)ssj0000458121</subfield>
          </datafield>
          <datafield tag="035" ind1=" " ind2=" ">
            <subfield code="a">(PQKBManifestationID)11303104</subfield>
          </datafield>
          <datafield tag="035" ind1=" " ind2=" ">
            <subfield code="a">(PQKBTitleCode)TC0000458121</subfield>
          </datafield>
          <datafield tag="035" ind1=" " ind2=" ">
            <subfield code="a">(PQKBWorkID)10421405</subfield>
          </datafield>
          <datafield tag="035" ind1=" " ind2=" ">
            <subfield code="a">(PQKB)10351773</subfield>
          </datafield>
          <datafield tag="035" ind1=" " ind2=" ">
            <subfield code="a">(UkCbUP)CR9780511524950</subfield>
          </datafield>
          <datafield tag="035" ind1=" " ind2=" ">
            <subfield code="a">(EXLCZ)992610000000002024</subfield>
          </datafield>
          <datafield tag="040" ind1=" " ind2=" ">
            <subfield code="a">DLC</subfield>
            <subfield code="c">DLC</subfield>
          </datafield>
          <datafield tag="041" ind1=" " ind2=" ">
            <subfield code="a">eng</subfield>
          </datafield>
          <datafield tag="050" ind1="0" ind2="0">
            <subfield code="a">QC880</subfield>
            <subfield code="b">.G66 1999</subfield>
          </datafield>
          <datafield tag="082" ind1="0" ind2="0">
            <subfield code="a">551.5/15</subfield>
            <subfield code="2">21</subfield>
          </datafield>
          <datafield tag="100" ind1="1" ind2=" ">
            <subfield code="a">Green, John</subfield>
            <subfield code="q">(John Sydney Adcock),</subfield>
            <subfield code="d">1934-</subfield>
          </datafield>
          <datafield tag="210" ind1=" " ind2=" ">
            <subfield code="a">CAMBRIDGE ATMOSPHERIC AND SPACE SCIENCE</subfield>
          </datafield>
          <datafield tag="245" ind1="1" ind2="0">
            <subfield code="a">Atmospheric dynamics /</subfield>
            <subfield code="c">John Green.</subfield>
            <subfield code="h">[electronic resource]</subfield>
          </datafield>
          <datafield tag="246" ind1=" " ind2=" ">
            <subfield code="a">Cambridge Atmospheric and Space Science Series</subfield>
          </datafield>
          <datafield tag="264" ind1=" " ind2="1">
            <subfield code="a">Cambridge :</subfield>
            <subfield code="b">Cambridge University Press,</subfield>
            <subfield code="c">1998.</subfield>
          </datafield>
          <datafield tag="300" ind1=" " ind2=" ">
            <subfield code="a">1 online resource (x, 213 p. )</subfield>
            <subfield code="b">ill., maps ;</subfield>
          </datafield>
          <datafield tag="336" ind1=" " ind2=" ">
            <subfield code="a">text</subfield>
            <subfield code="b">txt</subfield>
          </datafield>
          <datafield tag="337" ind1=" " ind2=" ">
            <subfield code="a">computer</subfield>
            <subfield code="b">c</subfield>
          </datafield>
          <datafield tag="338" ind1=" " ind2=" ">
            <subfield code="a">online resource</subfield>
            <subfield code="b">cr</subfield>
          </datafield>
          <datafield tag="440" ind1=" " ind2="0">
            <subfield code="a">Cambridge atmospheric and space science series</subfield>
          </datafield>
          <datafield tag="490" ind1="0" ind2=" ">
            <subfield code="a">Cambridge atmospheric and space science series Atmospheric dynamics</subfield>
          </datafield>
          <datafield tag="500" ind1=" " ind2=" ">
            <subfield code="a">Includes index.</subfield>
          </datafield>
          <datafield tag="546" ind1=" " ind2=" ">
            <subfield code="a">English</subfield>
          </datafield>
          <datafield tag="505" ind1="0" ind2=" ">
            <subfield code="a">Ch. 1. Description of atmospheric motion systems -- Ch. 2. Notation -- Ch. 3. Fundamental equations -- Ch. 4. Nearly horizontal atmosphere -- Ch. 5. Gravity waves -- Ch. 6. Shearing instability -- Ch. 7. Vertical convection -- Ch. 8. Mesoscale motion -- Ch. 9. Motion of large scale -- Ch. 10. The forecast problem -- Ch. 11. Motion in a barotropic atmosphere -- Ch. 12. Modelling -- Ch. 13. Models -- Ch. 14. Transport and mixing -- Ch. 15. General circulation.</subfield>
          </datafield>
          <datafield tag="520" ind1=" " ind2=" ">
            <subfield code="a">In his book, John Green presents a unique personal insight into the fundamentals of fluid mechanics and atmospheric dynamics. Generations of students have benefited from his lectures, and this book, many years in the making, is the result of his wide teaching and research experience. The theory of fluid flow has developed to such an extent that very complex mathematics and models are currently used to describe it, but many of the fundamental results follow from relatively simple considerations: these classic principles are derived here in a novel, distinctive, and at times even idiosyncratic, way. The book is an introduction to fluid mechanics in the atmosphere for students and researchers that are already familiar with the subject, but who wish to extend their knowledge and philosophy beyond the currently popular development of conventional undergraduate instruction.</subfield>
          </datafield>
          <datafield tag="650" ind1=" " ind2="0">
            <subfield code="a">Dynamic meteorology.</subfield>
          </datafield>
          <datafield tag="650" ind1=" " ind2="0">
            <subfield code="a">Atmospheric physics.</subfield>
          </datafield>
          <datafield tag="650" ind1=" " ind2="0">
            <subfield code="a">Fluid mechanics.</subfield>
          </datafield>
          <datafield tag="655" ind1=" " ind2=" ">
            <subfield code="a">Electronic books</subfield>
          </datafield>
          <datafield tag="650" ind1=" " ind2="0">
            <subfield code="a">Dynamic meteorology</subfield>
          </datafield>
          <datafield tag="650" ind1=" " ind2="0">
            <subfield code="a">Atmospheric physics</subfield>
          </datafield>
          <datafield tag="650" ind1=" " ind2="0">
            <subfield code="a">Fluid mechanics</subfield>
          </datafield>
          <datafield tag="650" ind1=" " ind2="7">
            <subfield code="a">Earth &amp; Environmental Sciences</subfield>
            <subfield code="2">HILCC</subfield>
          </datafield>
          <datafield tag="650" ind1=" " ind2="7">
            <subfield code="a">Meteorology &amp; Climatology</subfield>
            <subfield code="2">HILCC</subfield>
          </datafield>
          <datafield tag="830" ind1=" " ind2="0">
            <subfield code="a">Cambridge atmospheric and space science series.</subfield>
          </datafield>
          <datafield tag="906" ind1=" " ind2=" ">
            <subfield code="a">BOOK</subfield>
          </datafield>
          <datafield tag="999" ind1=" " ind2=" ">
            <subfield code="a">This Record contains information from the Harvard Library Bibliographic Dataset, which is provided by the Harvard Library under its Bibliographic Dataset Use Terms and includes data made available by, among others the Library of Congress</subfield>
          </datafield>
        </record>
      </recordData>
      <recordPosition>8</recordPosition>
    </record>