
    <record>
      <recordSchema>marcxml</recordSchema>
      <recordPacking>xml</recordPacking>
      <recordData>
        <record xmlns="">
          <leader>00837cam a22002771c 4500</leader>
          <controlfield tag="001">990000458534702201</controlfield>
          <controlfield tag="005">20130326100648.0</controlfield>
          <controlfield tag="007">ta</controlfield>
          <controlfield tag="008">130326s1973    xx#|||||||||||000|u|eng|d</controlfield>
          <datafield tag="020" ind1=" " ind2=" ">
            <subfield code="a">0198516053</subfield>
          </datafield>
          <datafield tag="035" ind1=" " ind2=" ">
            <subfield code="a">000045853-47bibsys_network</subfield>
          </datafield>
          <datafield tag="035" ind1=" " ind2=" ">
            <subfield code="a">(NO-TrBIB)000045853</subfield>
          </datafield>
          <datafield tag="040" ind1=" " ind2=" ">
            <subfield code="a">NO-TrBIB</subfield>
            <subfield code="b">nob</subfield>
            <subfield code="e">katreg</subfield>
          </datafield>
          <datafield tag="084" ind1=" " ind2=" ">
            <subfield code="a">86.20.30</subfield>
            <subfield code="q">NoOU</subfield>
            <subfield code="2">no-ureal-cg</subfield>
          </datafield>
          <datafield tag="100" ind1="1" ind2=" ">
            <subfield code="a">Mieghem, Jacques van</subfield>
            <subfield code="0">(NO-TrBIB)90198473</subfield>
          </datafield>
          <datafield tag="245" ind1="1" ind2="0">
            <subfield code="a">Atmospheric energetics</subfield>
            <subfield code="c">by Jaques van Mieghem</subfield>
          </datafield>
          <datafield tag="260" ind1=" " ind2=" ">
            <subfield code="a">Oxford</subfield>
            <subfield code="b">Claredon Press</subfield>
            <subfield code="c">1973</subfield>
          </datafield>
          <datafield tag="300" ind1=" " ind2=" ">
            <subfield code="a">IX, 306 s.</subfield>
          </datafield>
          <datafield tag="490" ind1="0" ind2=" ">
            <subfield code="a">Oxford monographs on meteorology</subfield>
          </datafield>
          <datafield tag="500" ind1=" " ind2=" ">
            <subfield code="a">Også utg.: London : Oxford University Press, 1973</subfield>
          </datafield>
          <datafield tag="650" ind1=" " ind2="0">
            <subfield code="a">Dynamic meteorology</subfield>
          </datafield>
          <datafield tag="650" ind1=" " ind2="7">
            <subfield code="a">Atmosfæren</subfield>
            <subfield code="2">noubomn</subfield>
          </datafield>
          <datafield tag="650" ind1=" " ind2="7">
            <subfield code="a">Energi</subfield>
            <subfield code="2">noubomn</subfield>
          </datafield>
          <datafield tag="650" ind1=" " ind2="7">
            <subfield code="a">Geofysikk</subfield>
            <subfield code="2">noubomn</subfield>
          </datafield>
          <datafield tag="653" ind1=" " ind2=" ">
            <subfield code="a">geofysikk</subfield>
            <subfield code="a">meteorologi</subfield>
            <subfield code="a">atmosfæren</subfield>
            <subfield code="a">energi</subfield>
          </datafield>
          <datafield tag="852" ind1="0" ind2="1">
            <subfield code="a">47BIBSYS_UBB</subfield>
            <subfield code="6">990000458534702207</subfield>
            <subfield code="9">P</subfield>
          </datafield>
          <datafield tag="852" ind1="0" ind2="1">
            <subfield code="a">47BIBSYS_UBO</subfield>
            <subfield code="6">990000458534702204</subfield>
            <subfield code="9">P</subfield>
          </datafield>
          <datafield tag="852" ind1="0" ind2="1">
            <subfield code="a">47BIBSYS_UBTO</subfield>
            <subfield code="6">990000458534702205</subfield>
            <subfield code="9">P</subfield>
          </datafield>
          <datafield tag="852" ind1="0" ind2="1">
            <subfield code="a">47BIBSYS_NTNU_UB</subfield>
            <subfield code="6">990000458534702203</subfield>
            <subfield code="9">P</subfield>
          </datafield>
          <datafield tag="852" ind1="0" ind2="1">
            <subfield code="a">47BIBSYS_NILU</subfield>
            <subfield code="6">999919664694102292</subfield>
            <subfield code="9">P</subfield>
          </datafield>
          <datafield tag="901" ind1=" " ind2=" ">
            <subfield code="a">70</subfield>
          </datafield>
        </record>
      </recordData>
      <recordPosition>9</recordPosition>
    </record>